% Example bibtex file for ISMIR Template

@article{cho2011feature,
  title={A feature smoothing method for chord recognition using recurrence plots},
  author={Cho, Taemin and Bello, Juan P},
  year={2011},
  publisher={ADD INFORMATION ABOUT ME}
}

@inproceedings{humphrey2012learning,
  title={Learning a robust tonnetz-space transform for automatic chord recognition},
  author={Humphrey, Eric J and Cho, Taemin and Bello, Juan Pablo},
  booktitle={Proceedings of the International Conference on Acoustics, Speech and Signal Processing (ICASSP)},
  pages={453--456},
  year={2012},
  organization={IEEE}
}

@inproceedings{humphrey2012rethinking,
  title={Rethinking automatic chord recognition with convolutional neural networks},
  author={Humphrey, Eric J and Bello, Juan Pablo},
  booktitle={Proceedings of the International Conference on Machine Learning and Applications (ICMLA)},
  volume={2},
  pages={357--362},
  year={2012},
  organization={IEEE}
}

@InProceedings{lee2009unsupervised,
  title={Unsupervised feature learning for audio classification using convolutional deep belief networks},
  author={Lee, Honglak and Pham, Peter and Largman, Yan and Ng, Andrew Y},
  booktitle={Advances in neural information processing systems},
  OPTpages={1096--1104},
  year={2009}
}

@inproceedings{boulanger2013audio,
  title={Audio Chord Recognition with Recurrent Neural Networks},
  author={Boulanger-Lewandowski, Nicolas and Bengio, Yoshua and Vincent, Pascal},
  booktitle={Proceedings of the International Conference on Music Information Retrieval (ISMIR)},
  pages={335--340},
  year={2013}
}

@inproceedings{grezl2007probabilistic,
  title={Probabilistic and bottle-neck features for LVCSR of meetings},
  author={Grezl, Frantisek and Karafi{\'a}t, Martin and Kont{\'a}r, Stanislav and Cernocky, J},
  booktitle={Proceedings of the International Conference on Acoustics, Speech and Signal Processing (ICASSP)},
  volume={4},
  pages={IV--757},
  year={2007},
  organization={IEEE}
}

@inproceedings{ueda2010hmm,
  title={HMM-based approach for automatic chord detection using refined acoustic features},
  author={Ueda, Yushi and Uchiyama, Yuuki and Nishimoto, Takuya and Ono, Nobutaka and Sagayama, Shigeki},
  booktitle={Proceedings of the International Conference on Acoustics, Speech and Signal Processing (ICASSP)},
  pages={5518--5521},
  year={2010},
  organization={IEEE}
}


@inproceedings{fujishima1999realtime,
  title={Realtime chord recognition of musical sound: A system using common lisp music},
  author={Fujishima, Takuya},
  booktitle={Proceedings of the International Computer Music Conference (ICMC)},
  volume={1999},
  pages={464--467},
  year={1999}
}

@article{hinton2012deep,
  title={Deep neural networks for acoustic modeling in speech recognition: The shared views of four research groups},
  author={Hinton, Geoffrey and Deng, Li and Yu, Dong and Dahl, George E and Mohamed, Abdel-rahman and Jaitly, Navdeep and Senior, Andrew and Vanhoucke, Vincent and Nguyen, Patrick and Sainath, Tara N and others},
  journal={Signal Processing Magazine, IEEE},
  volume={29},
  number={6},
  pages={82--97},
  year={2012},
  publisher={IEEE}
}


@inproceedings{battenberg2012analyzing,
  title={Analyzing Drum Patterns Using Conditional Deep Belief Networks},
  author={Battenberg, Eric and Wessel, David},
  booktitle={Proceedings of the International Conference on Music Information Retrieval (ISMIR)},
  pages={37--42},
  year={2012},
}

@inproceedings{humphrey2012moving,
  title={Moving Beyond Feature Design: Deep Architectures and Automatic Feature Learning in Music Informatics},
  author={Humphrey, Eric J and Bello, Juan Pablo and LeCun, Yann},
  booktitle={Proceedings of the International Conference on Music Information Retrieval (ISMIR)},
  pages={403--408},
  year={2012},
}

@inproceedings{hamel2010learning,
  title={Learning Features from Music Audio with Deep Belief Networks},
  author={Hamel, Philippe and Eck, Douglas},
  booktitle={Proceedings of the International Conference on Music Information Retrieval (ISMIR)},
  pages={339--344},
  year={2010},
  organization={Utrecht, The Netherlands}
}

@article{lecun1995convolutional,
  title={Convolutional networks for images, speech, and time series},
  author={LeCun, Yann and Bengio, Yoshua},
  journal={The handbook of brain theory and neural networks},
  volume={3361},
  pages={310},
  year={1995},
  publisher={Cambridge, MA: MIT Press}
}

@article{hinton2006fast,
  title={A fast learning algorithm for deep belief nets},
  author={Hinton, Geoffrey and Osindero, Simon and Teh, Yee-Whye},
  journal={Neural computation},
  volume={18},
  number={7},
  pages={1527--1554},
  year={2006},
  publisher={MIT Press}
}
@inproceedings{norouzi2009stacks,
  title={Stacks of convolutional restricted Boltzmann machines for shift-invariant feature learning},
  author={Norouzi, Mohammad and Ranjbar, Mani and Mori, Greg},
  booktitle={Proceedings of the Conference on Computer Vision and Pattern Recognition (CVPR)},
  pages={2735--2742},
  year={2009},
  organization={IEEE}
}

@inproceedings{ni2012using,
  title={Using Hyper-genre Training to Explore Genre Information for Automatic Chord Estimation},
  author={Ni, Yizhao and McVicar, Matt and Santos-Rodriguez, Raul and De Bie, Tijl},
  booktitle={Proceedings of the International Conference on Music Information Retrieval (ISMIR)},
  pages={109--114},
  year={2012}
}

@article{cho2013mirex,
  title={MIREX 2013: Large Vocabulary Chord Recognition System using Multi-band Features and a Multi-stream {HMM}},
  author={Cho, Taemin and Bello, Juan P},
  journal={Music Information Retrieval Evaluation eXchange (MIREX)},
  year={2013}
}


@inproceedings{povey2011kaldi,
         author = {Povey, Daniel and Ghoshal, Arnab and Boulianne, Gilles and Burget, Lukas and Glembek, Ondrej and Goel, Nagendra and Hannemann, Mirko and Motlicek, Petr and Qian, Yanmin and Schwarz, Petr and Silovsky, Jan and Stemmer, Georg and Vesely, Karel},
       keywords = {ASR, Automatic Speech Recognition, GMM, HTK, SGMM},
          month = dec,
          title = {The Kaldi Speech Recognition Toolkit},
      booktitle = {Proceedings of the Workshop on Automatic Speech Recognition and Understanding},
           year = {2011},
      publisher = {IEEE Signal Processing Society},
       location = {Hilton Waikoloa Village, Big Island, Hawaii, US},
           note = {IEEE Catalog No.: CFP11SRW-USB}
}

@article{sola1997importance,
  title={Importance of input data normalization for the application of neural networks to complex industrial problems},
  author={Sola, J and Sevilla, J},
  journal={Nuclear Science, IEEE Transactions on},
  volume={44},
  number={3},
  pages={1464--1468},
  year={1997},
  publisher={IEEE}
}

@inproceedings{papadopoulos2007large,
  title={Large-scale study of chord estimation algorithms based on chroma representation and HMM},
  author={Papadopoulos, H{\'e}lene and Peeters, Geoffroy},
  booktitle={Proceedings of the International Workshop on Content-Based Multimedia Indexing (CBMI)},
  pages={53--60},
  year={2007},
  organization={IEEE}
}

@inproceedings{cho2010exploring,
  title={Exploring common variations in state of the art chord recognition systems},
  author={Cho, Taemin and Weiss, Ron J and Bello, Juan Pablo},
  booktitle={Proceedings of the Sound and Music Computing Conference (SMC)},
  pages={1--8},
  year={2010},
}

@article{lee2008acoustic,
  title={Acoustic chord transcription and key extraction from audio using key-dependent {HMMs} trained on synthesized audio},
  author={Lee, Kyogu and Slaney, Malcolm},
  journal={Audio, Speech, and Language Processing, IEEE Transactions on},
  volume={16},
  number={2},
  pages={291--301},
  year={2008},
  publisher={IEEE}
}

@inproceedings{mauch2009omras2,
  title={OMRAS2 metadata project 2009},
  author={Mauch, Matthias and Cannam, Chris and Davies, Matthew and Dixon, Simon and Harte, Christopher and Kolozali, Sefki and Tidhar, Dan and Sandler, Mark},
  booktitle={Proceedings of the International Conference on Music Information Retrieval (ISMIR)},
  year={2009}
}
@inproceedings{goto2002rwc,
  title={RWC Music Database: Popular, Classical and Jazz Music Databases},
  author={Goto, Masataka and Hashiguchi, Hiroki and Nishimura, Takuichi and Oka, Ryuichi},
  booktitle={Proceedings of the International Conference on Music Information Retrieval (ISMIR)},
  volume={2},
  pages={287--288},
  year={2002}
}
@inproceedings{mauch2010approximate,
  title={Approximate Note Transcription for the Improved Identification of Difficult Chords},
  author={Mauch, Matthias and Dixon, Simon},
  booktitle={Proceedings of the International Conference on Music Information Retrieval (ISMIR)},
  pages={135--140},
  year={2010}
}
