@inproceedings{hamel2010learning,
  title={Learning Features from Music Audio with Deep Belief Networks.},
  author={Hamel, Philippe and Eck, Douglas},
  booktitle={ISMIR},
  pages={339--344},
  year={2010},
  organization={Utrecht, The Netherlands}
}
